@article{linial92,
  title = {Locality in Distributed Graph Algorithms},
  author = {Nathan Linial},
  journal = {SIAM Journal on Computing},
  year = {1992},
  pages = {193--201},
  volume = {21},
  number = {1},
  doi = {10.1137/0221015},
  publisher = {Society for Industrial and Applied Mathematics}
}
